@MISC{alexa:website,
      AUTHOR = "Jeff Bigham",
      TITLE = "A super-sweet article",
      MONTH = "May",
      YEAR = {2006},
      NOTE = "\texttt{http://www.manticmoo.com/articles/jeff/programming/latex/bibtex-types.php}"
}
