@MISC{filesystem:wikipedia,
      title = "File System - Wikipedia, the free encyclopedia",
      month = mar,
      year = {2008},
      howpublished = "\url{http://en.wikipedia.org/wiki/File_system}"
}

@MISC{fuse:website,
      title = "{FUSE}: File system in user space",
      month = mar,
      year = {2008},
      howpublished = "\url{http://fuse.sourceforge.net/}"
}

@MISC{xesam:website,
      title = "FrontPage - {XESAM} wiki",
      month = mar,
      year = {2008},
      howpublished = "\url{http://xesam.org/}"
}

@MISC{history:website,
      author = {Val Henson}
      title = "A Brief History of {UNIX} File Systems",
      month = mar,
      year = {2008},
      howpublished = "\url{http://www.valhenson.org/fs_slides.pdf}"
}

@MISC{posix:website,
      title = "The Open Group -- Single {UNIX} Specification Version 3",
      month = mar,
      year = {2008},
      howpublished = "\url{http://www.unix.org/single_unix_specification/}"
}

@MISC{gpl:website,
      title = "The {GNU} General Public License - {GNU} Project - Free Software Foundation ({FSF})",
      month = mar,
      year = {2008},
      howpublished = "\url{http://www.gnu.org/licenses/gpl.html}"
}

@MISC{inode:wikipedia,
      title = "inode - Wikipedia, the free encyclopedia",
      month = mar,
      year = {2008},
      howpublished = "\url{http://en.wikipedia.org/wiki/Inode}"
}

@MISC{linuxsource:website,
      title = "LXR Linux",
      month = mar,
      year = {2008},
      howpublished = "\url{http://lxr.linux.no/linux+v2.6.27.6}"
}

@MISC{vfs:website,
      title = "The Linux Virtual File-system Layer: Inodes and Operations",
      month = mar,
      year = {2008},
      howpublished = "\url{http://www.cse.unsw.edu.au/~neilb/oss/linux-commentary/vfs-7.html}"
}
